@article{michel2014pconsfold,
  title={PconsFold: improved contact predictions improve protein models},
  author={Michel, Mirco and Hayat, Sikander and Skwark, Marcin J and Sander, Chris and Marks, Debora S and Elofsson, Arne},
  journal={Bioinformatics},
  volume={30},
  number={17},
  pages={i482--i488},
  year={2014},
  publisher={Oxford Univ Press}
}

@article{tetchner2014opportunities,
  title={Opportunities and limitations in applying coevolution-derived contacts to protein structure prediction},
  author={Tetchner, Stuart and Kosciolek, Tomasz and Jones, David T},
  journal={Bio-Algorithms and Med-Systems},
  volume={10},
  number={4},
  pages={243--254},
  year={2014}
}

@article{kamisetty2013assessing,
  title={Assessing the utility of coevolution-based residue--residue contact predictions in a sequence-and structure-rich era},
  author={Kamisetty, Hetunandan and Ovchinnikov, Sergey and Baker, David},
  journal={Proceedings of the National Academy of Sciences},
  volume={110},
  number={39},
  pages={15674--15679},
  year={2013},
  publisher={National Acad Sciences}
}

@article{jones2012psicov,
  title={PSICOV: precise structural contact prediction using sparse inverse covariance estimation on large multiple sequence alignments},
  author={Jones, David T and Buchan, Daniel WA and Cozzetto, Domenico and Pontil, Massimiliano},
  journal={Bioinformatics},
  volume={28},
  number={2},
  pages={184--190},
  year={2012},
  publisher={Oxford Univ Press}
}

@article{weigt2009identification,
  title={Identification of direct residue contacts in protein--protein interaction by message passing},
  author={Weigt, Martin and White, Robert A and Szurmant, Hendrik and Hoch, James A and Hwa, Terence},
  journal={Proceedings of the National Academy of Sciences},
  volume={106},
  number={1},
  pages={67--72},
  year={2009},
  publisher={National Acad Sciences}
}

@article{cocco2013principal,
  title={From principal component to direct coupling analysis of coevolution in proteins: Low-eigenvalue modes are needed for structure prediction},
  author={Cocco, Simona and Monasson, Remi and Weigt, Martin},
  journal={PLoS Comput Biol},
  volume={9},
  number={8},
  pages={e1003176},
  year={2013},
  publisher={Public Library of Science}
}

@article{harms2013evolutionary,
  title={Evolutionary biochemistry: revealing the historical and physical causes of protein properties},
  author={Harms, Michael J and Thornton, Joseph W},
  journal={Nature Reviews Genetics},
  volume={14},
  number={8},
  pages={559--571},
  year={2013},
  publisher={Nature Publishing Group}
}

@article{ashenberg2013using,
  title={Using analyses of amino acid coevolution to understand protein structure and function},
  author={Ashenberg, Orr and Laub, Michael T},
  journal={Methods Enzymol},
  volume={523},
  pages={191--212},
  year={2013}
}

@article{dunn2008mutual,
  title={Mutual information without the influence of phylogeny or entropy dramatically improves residue contact prediction},
  author={Dunn, Stanley D and Wahl, Lindi M and Gloor, Gregory B},
  journal={Bioinformatics},
  volume={24},
  number={3},
  pages={333--340},
  year={2008},
  publisher={Oxford Univ Press}
}

@article{baldassi2014fast,
  title={Fast and accurate multivariate Gaussian modeling of protein families: predicting residue contacts and protein-interaction partners},
  author={Baldassi, Carlo and Zamparo, Marco and Feinauer, Christoph and Procaccini, Andrea and Zecchina, Riccardo and Weigt, Martin and Pagnani, Andrea},
  journal={PloS one},
  volume={9},
  number={3},
  pages={e92721},
  year={2014},
  publisher={Public Library of Science}
}

@article{jones2015metapsicov,
  title={MetaPSICOV: combining coevolution methods for accurate prediction of contacts and long range hydrogen bonding in proteins},
  author={Jones, David T and Singh, Tanya and Kosciolek, Tomasz and Tetchner, Stuart},
  journal={Bioinformatics},
  volume={31},
  number={7},
  pages={999--1006},
  year={2015},
  publisher={Oxford Univ Press}
}

@article{morcos2014coevolutionary,
  title={Coevolutionary information, protein folding landscapes, and the thermodynamics of natural selection},
  author={Morcos, Faruck and Schafer, Nicholas P and Cheng, Ryan R and Onuchic, Jos{\'e} N and Wolynes, Peter G},
  journal={Proceedings of the National Academy of Sciences},
  volume={111},
  number={34},
  pages={12408--12413},
  year={2014},
  publisher={National Acad Sciences}
}

@article{jacob2015codon,
  title={Codon-level information improves predictions of inter-residue contacts in proteins by correlated mutation analysis},
  author={Jacob, Etai and Unger, Ron and Horovitz, Amnon},
  journal={eLife},
  volume={4},
  pages={e08932},
  year={2015},
  publisher={eLife Sciences Publications Limited}
}

@article{hopf2014sequence,
  title={Sequence co-evolution gives 3D contacts and structures of protein complexes},
  author={Hopf, Thomas A and Sch{\"a}rfe, Charlotta PI and Rodrigues, Jo{\~a}o PGLM and Green, Anna G and Kohlbacher, Oliver and Sander, Chris and Bonvin, Alexandre MJJ and Marks, Debora S},
  journal={Elife},
  volume={3},
  pages={e03430},
  year={2014},
  publisher={eLife Sciences Publications Limited}
}

@article{ovchinnikov2015large,
  title={Large-scale determination of previously unsolved protein structures using evolutionary information},
  author={Ovchinnikov, Sergey and Kinch, Lisa and Park, Hahnbeom and Liao, Yuxing and Pei, Jimin and Kim, David E and Kamisetty, Hetunandan and Grishin, Nick V and Baker, David},
  journal={Elife},
  volume={4},
  pages={e09248},
  year={2015},
  publisher={eLife Sciences Publications Limited}
}

@article{sutto2015residue,
  title={From residue coevolution to protein conformational ensembles and functional dynamics},
  author={Sutto, Ludovico and Marsili, Simone and Valencia, Alfonso and Gervasio, Francesco Luigi},
  journal={Proceedings of the National Academy of Sciences},
  volume={112},
  number={44},
  pages={13567--13572},
  year={2015},
  publisher={National Acad Sciences}
}

@article{li2014bayesian,
  title={Bayesian Model of Protein Primary Sequence for Secondary Structure Prediction},
  author={Li, Qiwei and Dahl, David B and Vannucci, Marina and Joo, Hyun and Tsai, Jerry W},
  journal={PloS one},
  volume={9},
  number={10},
  pages={e109832},
  year={2014},
  publisher={Public Library of Science}
}

@article{lapedes2012using,
  title={Using sequence alignments to predict protein structure and stability with high accuracy},
  author={Lapedes, Alan and Giraud, Bertrand and Jarzynski, Christopher},
  journal={arXiv preprint arXiv:1207.2484},
  year={2012}
}

@inproceedings{louppe2013understanding,
  title={Understanding variable importances in forests of randomized trees},
  author={Louppe, Gilles and Wehenkel, Louis and Sutera, Antonio and Geurts, Pierre},
  booktitle={Advances in Neural Information Processing Systems},
  pages={431--439},
  year={2013}
}
